@article{herm2009,
	author = "Fabien Hermenier, Xavier Lorca, Jean-Marc Menaud, Gilles Muller, Julia lawall",
	title = "Entropy: a consolidation manager for clusters",
	year = "2009"
}
